@ARTICLE{2001MNRAS.322..231K,
       author = {{Kroupa}, Pavel},
        title = "{On the variation of the initial mass function}",
      journal = {\mnras},
     keywords = {BINARIES: GENERAL, STARS: FORMATION, STARS: KINEMATICS, STARS: LUMINOSITY FUNCTION, MASS FUNCTION, GLOBULAR CLUSTERS: GENERAL, OPEN CLUSTERS AND ASSOCIATIONS: GENERAL, Astrophysics},
         year = "2001",
        month = "Apr",
       volume = {322},
       number = {2},
        pages = {231-246},
          doi = {10.1046/j.1365-8711.2001.04022.x},
archivePrefix = {arXiv},
       eprint = {astro-ph/0009005},
 primaryClass = {astro-ph},
       adsurl = {https://ui.adsabs.harvard.edu/abs/2001MNRAS.322..231K},
      adsnote = {Provided by the SAO/NASA Astrophysics Data System}
}


@ARTICLE{2010ApJ...714.1217B,
       author = {{Belczynski}, Krzysztof and {Bulik}, Tomasz and {Fryer}, Chris L. and
         {Ruiter}, Ashley and {Valsecchi}, Francesca and {Vink}, Jorick S. and
         {Hurley}, Jarrod R.},
        title = "{On the Maximum Mass of Stellar Black Holes}",
      journal = {\apj},
     keywords = {binaries: close, black hole physics, gravitational waves, stars: evolution, stars: neutron, Astrophysics - Solar and Stellar Astrophysics, Astrophysics - High Energy Astrophysical Phenomena},
         year = "2010",
        month = "May",
       volume = {714},
       number = {2},
        pages = {1217-1226},
          doi = {10.1088/0004-637X/714/2/1217},
archivePrefix = {arXiv},
       eprint = {0904.2784},
 primaryClass = {astro-ph.SR},
       adsurl = {https://ui.adsabs.harvard.edu/abs/2010ApJ...714.1217B},
      adsnote = {Provided by the SAO/NASA Astrophysics Data System}
}


@ARTICLE{2000A&A...362..295V,
   author = {{Vink}, J.~S. and {de Koter}, A. and {Lamers}, H.~J.~G.~L.~M.
	},
    title = "{New theoretical mass-loss rates of O and B stars}",
  journal = {\aap},
   eprint = {astro-ph/0008183},
 keywords = {STARS: EARLY-TYPE, STARS: MASS-LOSS, STARS: SUPERGIANTS, STARS: WINDS, OUTFLOWS, STARS: EVOLUTION},
     year = 2000,
    month = oct,
   volume = 362,
    pages = {295-309},
   adsurl = {http://adsabs.harvard.edu/abs/2000A%26A...362..295V},
  adsnote = {Provided by the SAO/NASA Astrophysics Data System}
}


@ARTICLE{2001A&A...369..574V,
       author = {{Vink}, Jorick S. and {de Koter}, A. and {Lamers}, H.~J.~G.~L.~M.},
        title = "{Mass-loss predictions for O and B stars as a function of metallicity}",
      journal = {\aap},
     keywords = {STARS: EARLY-TYPE, STARS: MASS-LOSS, STARS: SUPERGIANTS, STARS: WINDS, STARS: EVOLUTION, Astrophysics},
         year = "2001",
        month = "Apr",
       volume = {369},
        pages = {574-588},
          doi = {10.1051/0004-6361:20010127},
archivePrefix = {arXiv},
       eprint = {astro-ph/0101509},
 primaryClass = {astro-ph},
       adsurl = {https://ui.adsabs.harvard.edu/abs/2001A&A...369..574V},
      adsnote = {Provided by the SAO/NASA Astrophysics Data System}
}


@ARTICLE{2010ApJ...715L.138B,
       author = {{Belczynski}, Krzysztof and {Dominik}, Michal and {Bulik}, Tomasz and
         {O'Shaughnessy}, Richard and {Fryer}, Chris and {Holz}, Daniel E.},
        title = "{The Effect of Metallicity on the Detection Prospects for Gravitational Waves}",
      journal = {\apjl},
     keywords = {binaries: close, gravitation, stars: evolution, stars: neutron, Astrophysics - High Energy Astrophysical Phenomena},
         year = "2010",
        month = "Jun",
       volume = {715},
       number = {2},
        pages = {L138-L141},
          doi = {10.1088/2041-8205/715/2/L138},
archivePrefix = {arXiv},
       eprint = {1004.0386},
 primaryClass = {astro-ph.HE},
       adsurl = {https://ui.adsabs.harvard.edu/abs/2010ApJ...715L.138B},
      adsnote = {Provided by the SAO/NASA Astrophysics Data System}
}


@ARTICLE{1998A&A...335.1003H,
       author = {{Hamann}, W. -R. and {Koesterke}, L.},
        title = "{Spectrum formation in clumped stellar winds: consequences for the analyses of Wolf-Rayet spectra}",
      journal = {\aap},
     keywords = {RADIATIVE TRANSFER, STARS: ATMOSPHERES, STARS: FUNDAMENTAL PARAMETERS, STARS: MASS LOSS, STARS: WOLF-RAYET},
         year = "1998",
        month = "Jul",
       volume = {335},
        pages = {1003-1008},
       adsurl = {https://ui.adsabs.harvard.edu/abs/1998A&A...335.1003H},
      adsnote = {Provided by the SAO/NASA Astrophysics Data System}
}



@ARTICLE{2005A&A...442..587V,
       author = {{Vink}, Jorick S. and {de Koter}, A.},
        title = "{On the metallicity dependence of Wolf-Rayet winds}",
      journal = {\aap},
     keywords = {stars: Wolf-Rayet, stars: early-type, stars: mass-loss, stars: winds, outflows, stars: evolution, Astrophysics},
         year = "2005",
        month = "Nov",
       volume = {442},
       number = {2},
        pages = {587-596},
          doi = {10.1051/0004-6361:20052862},
archivePrefix = {arXiv},
       eprint = {astro-ph/0507352},
 primaryClass = {astro-ph},
       adsurl = {https://ui.adsabs.harvard.edu/abs/2005A&A...442..587V},
      adsnote = {Provided by the SAO/NASA Astrophysics Data System}
}



@ARTICLE{2018MNRAS.481.4009V,
       author = {{Vigna-G{\'o}mez}, Alejandro and {Neijssel}, Coenraad J. and
         {Stevenson}, Simon and {Barrett}, Jim W. and {Belczynski}, Krzysztof and
         {Justham}, Stephen and {de Mink}, Selma E. and {M{\"u}ller}, Bernhard and
         {Podsiadlowski}, Philipp and {Renzo}, Mathieu and
         {Sz{\'e}csi}, Dorottya and {Mandel}, Ilya},
        title = "{On the formation history of Galactic double neutron stars}",
      journal = {\mnras},
     keywords = {binaries: general, stars: neutron, pulsars: general, Astrophysics - Solar and Stellar Astrophysics, Astrophysics - High Energy Astrophysical Phenomena},
         year = "2018",
        month = "Dec",
       volume = {481},
       number = {3},
        pages = {4009-4029},
          doi = {10.1093/mnras/sty2463},
archivePrefix = {arXiv},
       eprint = {1805.07974},
 primaryClass = {astro-ph.SR},
       adsurl = {https://ui.adsabs.harvard.edu/abs/2018MNRAS.481.4009V},
      adsnote = {Provided by the SAO/NASA Astrophysics Data System}
}


@ARTICLE{2020arXiv200300195V,
       author = {{Vinciguerra}, Serena and {Neijssel}, Coenraad J. and
         {Vigna-G{\'o}mez}, Alejandro and {Mandel}, Ilya and
         {Podsiadlowski}, Philipp and {Maccarone}, Thomas J. and
         {Nicholl}, Matt and {Kingdon}, Samuel and {Perry}, Alice and
         {Salemi}, Francesco},
        title = "{Be X-ray binaries in the SMC as (I) indicators of mass transfer efficiency}",
      journal = {arXiv e-prints},
     keywords = {Astrophysics - High Energy Astrophysical Phenomena, Astrophysics - Solar and Stellar Astrophysics},
         year = 2020,
        month = feb,
          eid = {arXiv:2003.00195},
        pages = {arXiv:2003.00195},
archivePrefix = {arXiv},
       eprint = {2003.00195},
 primaryClass = {astro-ph.HE},
       adsurl = {https://ui.adsabs.harvard.edu/abs/2020arXiv200300195V},
      adsnote = {Provided by the SAO/NASA Astrophysics Data System}
}



@ARTICLE{2020COMPASprep,
       author = {{Agrawal}, Poojan and {Broekgaarden}, Floor and {Chattopadhyay}, Debatri},
        title = "{COMPAS method}",
      journal = {arXiv e-prints},
     keywords = {Astrophysics - Astrophysics of Galaxies},
         year = "in preparation",
        month = "in preparation"
}


@ARTICLE{1991PhR...203....1B,
       author = {{Bhattacharya}, D. and {van den Heuvel}, E.~P.~J.},
        title = "{Formation and evolution of binary and millisecond radio pulsars}",
      journal = {\physrep},
         year = "1991",
        month = "Jan",
       volume = {203},
       number = {1-2},
        pages = {1-124},
          doi = {10.1016/0370-1573(91)90064-S},
       adsurl = {https://ui.adsabs.harvard.edu/abs/1991PhR...203....1B},
      adsnote = {Provided by the SAO/NASA Astrophysics Data System}
}

@ARTICLE{1975MmSAI..46..217M,
       author = {{Massevitch}, A. and {Yungelson}, L.},
        title = "{On the evolution of close binaries with mass and momentum loss from the system}",
      journal = {\memsai},
     keywords = {Binary Stars, Energy Dissipation, Mass Transfer, Momentum Transfer, Stellar Evolution, Stellar Mass, Angular Momentum, Conservation Laws, Main Sequence Stars, Mass Flow Factors, Mass Ratios, Star Distribution, Stellar Mass Ejection, Astrophysics},
         year = "1975",
        month = "May",
       volume = {46},
        pages = {217-229},
       adsurl = {https://ui.adsabs.harvard.edu/abs/1975MmSAI..46..217M},
      adsnote = {Provided by the SAO/NASA Astrophysics Data System}
}



@ARTICLE{1997A&A...327..620S,
   author = {{Soberman}, G.~E. and {Phinney}, E.~S. and {van den Heuvel}, E.~P.~J.
	},
    title = "{Stability criteria for mass transfer in binary stellar evolution.}",
  journal = {\aap},
   eprint = {astro-ph/9703016},
 keywords = {CLOSE BINARIES, TIDAL INTERACTION, MASS TRANSFER},
     year = 1997,
    month = nov,
   volume = 327,
    pages = {620-635},
   adsurl = {http://adsabs.harvard.edu/abs/1997A%26A...327..620S},
  adsnote = {Provided by the SAO/NASA Astrophysics Data System}
}


@INBOOK{2006csxs.book..623T,
       author = {{Tauris}, T.~M. and {van den Heuvel}, E.~P.~J.},
        title = "{Formation and evolution of compact stellar X-ray sources}",
     keywords = {Stellar X-Ray Sources, Formation, Evolution, Astrophysics},
    booktitle = {In: Compact stellar X-ray sources. Edited by Walter Lewin \&amp; Michiel van der Klis. Cambridge Astrophysics Series, No. 39. Cambridge, UK: Cambridge University Press, ISBN 978-0-521-82659-4, ISBN 0-521-82659-4, DOI: 10.2277/0521826594, 2006, p. 623 - 665},
         year = "2006",
       volume = {39},
        pages = {623-665},
       adsurl = {https://ui.adsabs.harvard.edu/abs/2006csxs.book..623T},
      adsnote = {Provided by the SAO/NASA Astrophysics Data System}
}



@ARTICLE{2009ARA&A..47..481A,
       author = {{Asplund}, Martin and {Grevesse}, Nicolas and {Sauval}, A. Jacques and
         {Scott}, Pat},
        title = "{The Chemical Composition of the Sun}",
      journal = {\araa},
     keywords = {Astrophysics - Solar and Stellar Astrophysics, Astrophysics - Earth and Planetary Astrophysics},
         year = "2009",
        month = "Sep",
       volume = {47},
       number = {1},
        pages = {481-522},
          doi = {10.1146/annurev.astro.46.060407.145222},
archivePrefix = {arXiv},
       eprint = {0909.0948},
 primaryClass = {astro-ph.SR},
       adsurl = {https://ui.adsabs.harvard.edu/abs/2009ARA&A..47..481A},
      adsnote = {Provided by the SAO/NASA Astrophysics Data System}
}



@ARTICLE{2019MNRAS.490.5228B,
       author = {{Broekgaarden}, Floor S. and {Justham}, Stephen and {de Mink}, Selma E. and
         {Gair}, Jonathan and {Mandel}, Ilya and {Stevenson}, Simon and
         {Barrett}, Jim W. and {Vigna-G{\'o}mez}, Alejandro and
         {Neijssel}, Coenraad J.},
        title = "{STROOPWAFEL: simulating rare outcomes from astrophysical populations, with application to gravitational-wave sources$^{★}$}",
      journal = {\mnras},
     keywords = {gravitational waves, methods: statistical, software: development, binaries: general, stars: evolution, Astrophysics - High Energy Astrophysical Phenomena, Astrophysics - Instrumentation and Methods for Astrophysics, Astrophysics - Solar and Stellar Astrophysics, Physics - Data Analysis, Statistics and Probability},
         year = "2019",
        month = "Dec",
       volume = {490},
       number = {4},
        pages = {5228-5248},
          doi = {10.1093/mnras/stz2558},
archivePrefix = {arXiv},
       eprint = {1905.00910},
 primaryClass = {astro-ph.HE},
       adsurl = {https://ui.adsabs.harvard.edu/abs/2019MNRAS.490.5228B},
      adsnote = {Provided by the SAO/NASA Astrophysics Data System}
}



@ARTICLE{2018MNRAS.481.1908K,
       author = {{Kruckow}, Matthias U. and {Tauris}, Thomas M. and {Langer}, Norbert and {Kramer}, Michael and {Izzard}, Robert G.},
        title = "{Progenitors of gravitational wave mergers: binary evolution with the stellar grid-based code COMBINE}",
      journal = {\mnras},
     keywords = {gravitational waves, binaries: close, stars: evolution, gamma-ray burst: general, stars: neutron, Astrophysics - Solar and Stellar Astrophysics, Astrophysics - Cosmology and Nongalactic Astrophysics, Astrophysics - High Energy Astrophysical Phenomena},
         year = 2018,
        month = dec,
       volume = {481},
       number = {2},
        pages = {1908-1949},
          doi = {10.1093/mnras/sty2190},
archivePrefix = {arXiv},
       eprint = {1801.05433},
 primaryClass = {astro-ph.SR},
       adsurl = {https://ui.adsabs.harvard.edu/abs/2018MNRAS.481.1908K},
      adsnote = {Provided by the SAO/NASA Astrophysics Data System}
}

@ARTICLE{2020MNRAS.498.4705V,
       author = {{Vinciguerra}, Serena and {Neijssel}, Coenraad J. and {Vigna-G{\'o}mez}, Alejandro and {Mandel}, Ilya and {Podsiadlowski}, Philipp and {Maccarone}, Thomas J. and {Nicholl}, Matt and {Kingdon}, Samuel and {Perry}, Alice and {Salemi}, Francesco},
        title = "{Be X-ray binaries in the SMC as indicators of mass-transfer efficiency}",
      journal = {\mnras},
     keywords = {X-rays: binaries, stars: emission-line, Be, stars: neutron, stars: evolution, gravitational waves, methods: data analysis, Astrophysics - High Energy Astrophysical Phenomena, Astrophysics - Solar and Stellar Astrophysics},
         year = 2020,
        month = sep,
       volume = {498},
       number = {4},
        pages = {4705-4720},
          doi = {10.1093/mnras/staa2177},
archivePrefix = {arXiv},
       eprint = {2003.00195},
 primaryClass = {astro-ph.HE},
       adsurl = {https://ui.adsabs.harvard.edu/abs/2020MNRAS.498.4705V},
      adsnote = {Provided by the SAO/NASA Astrophysics Data System}
}


@ARTICLE{2015MNRAS.451.2123T,
       author = {{Tauris}, Thomas M. and {Langer}, Norbert and {Podsiadlowski}, Philipp},
        title = "{Ultra-stripped supernovae: progenitors and fate}",
      journal = {\mnras},
     keywords = {binaries: close, stars: mass-loss, stars: neutron, supernovae: general, white dwarfs, X-rays: binaries, Astrophysics - Solar and Stellar Astrophysics, Astrophysics - High Energy Astrophysical Phenomena},
         year = "2015",
        month = "Aug",
       volume = {451},
       number = {2},
        pages = {2123-2144},
          doi = {10.1093/mnras/stv990},
archivePrefix = {arXiv},
       eprint = {1505.00270},
 primaryClass = {astro-ph.SR},
       adsurl = {https://ui.adsabs.harvard.edu/abs/2015MNRAS.451.2123T},
      adsnote = {Provided by the SAO/NASA Astrophysics Data System}
}

@ARTICLE{2017ApJ...846..170T,
       author = {{Tauris}, T.~M. and {Kramer}, M. and {Freire}, P.~C.~C. and {Wex}, N. and
         {Janka}, H. -T. and {Langer}, N. and {Podsiadlowski}, Ph. and
         {Bozzo}, E. and {Chaty}, S. and {Kruckow}, M.~U. and
         {van den Heuvel}, E.~P.~J. and {Antoniadis}, J. and {Breton}, R.~P. and
         {Champion}, D.~J.},
        title = "{Formation of Double Neutron Star Systems}",
      journal = {\apj},
     keywords = {gravitational waves, pulsars: general, stars: mass-loss, stars: neutron, supernovae: general, X-rays: binaries, Astrophysics - High Energy Astrophysical Phenomena, Astrophysics - Solar and Stellar Astrophysics},
         year = "2017",
        month = "Sep",
       volume = {846},
       number = {2},
          eid = {170},
        pages = {170},
          doi = {10.3847/1538-4357/aa7e89},
archivePrefix = {arXiv},
       eprint = {1706.09438},
 primaryClass = {astro-ph.HE},
       adsurl = {https://ui.adsabs.harvard.edu/abs/2017ApJ...846..170T},
      adsnote = {Provided by the SAO/NASA Astrophysics Data System}
}



@ARTICLE{1984ApJ...277..355W,
       author = {{Webbink}, R.~F.},
        title = "{Double white dwarfs as progenitors of R Coronae Borealis stars and type I supernovae.}",
      journal = {\apj},
     keywords = {Binary Stars, Corona Borealis Constellation, R Coronae Borealis Stars, Stellar Evolution, Supernovae, White Dwarf Stars, B Stars, Carbon Stars, Chandrasekhar Equation, O Stars, Stellar Mass Accretion, Stellar Mass Ejection, Astrophysics},
         year = "1984",
        month = "Feb",
       volume = {277},
        pages = {355-360},
          doi = {10.1086/161701},
       adsurl = {https://ui.adsabs.harvard.edu/abs/1984ApJ...277..355W},
      adsnote = {Provided by the SAO/NASA Astrophysics Data System}
}

@ARTICLE{1990ApJ...358..189D,
       author = {{{\noopsort{De Kool}}{de Kool}}, M.},
        title = "{Common Envelope Evolution and Double Cores of Planetary Nebulae}",
      journal = {\apj},
     keywords = {Binary Stars, Planetary Nebulae, Stellar Envelopes, Stellar Evolution, Main Sequence Stars, Mass Ratios, Monte Carlo Method, Statistical Analysis, Stellar Mass, White Dwarf Stars, Astrophysics, NEBULAE: PLANETARY, STARS: BINARIES, STARS: EVOLUTION},
         year = "1990",
        month = "Jul",
       volume = {358},
        pages = {189},
          doi = {10.1086/168974},
       adsurl = {https://ui.adsabs.harvard.edu/abs/1990ApJ...358..189D},
      adsnote = {Provided by the SAO/NASA Astrophysics Data System}
}

@ARTICLE{2010ApJ...716..114X,
       author = {{Xu}, Xiao-Jie and {Li}, Xiang-Dong},
        title = "{On the Binding Energy Parameter {\ensuremath{\lambda}} of Common Envelope Evolution}",
      journal = {\apj},
     keywords = {binaries: general, stars: evolution, stars: mass-loss, Astrophysics - Solar and Stellar Astrophysics},
         year = "2010",
        month = "Jun",
       volume = {716},
       number = {1},
        pages = {114-121},
          doi = {10.1088/0004-637X/716/1/114},
archivePrefix = {arXiv},
       eprint = {1004.4957},
 primaryClass = {astro-ph.SR},
       adsurl = {https://ui.adsabs.harvard.edu/abs/2010ApJ...716..114X},
      adsnote = {Provided by the SAO/NASA Astrophysics Data System}
}


@ARTICLE{2010ApJ...722.1985X,
       author = {{Xu}, Xiao-Jie and {Li}, Xiang-Dong},
        title = "{ERRATUM: ``On the Binding Energy Parameter {\ensuremath{\lambda}} of Common Envelope Evolution'' <A href=``/abs/2010ApJ...716..114X''>(2010, ApJ, 716, 114)</A>}",
      journal = {\apj},
         year = "2010",
        month = "Oct",
       volume = {722},
       number = {2},
        pages = {1985-1988},
          doi = {10.1088/0004-637X/722/2/1985},
       adsurl = {https://ui.adsabs.harvard.edu/abs/2010ApJ...722.1985X},
      adsnote = {Provided by the SAO/NASA Astrophysics Data System}
}



@ARTICLE{2012ApJ...759...52D,
       author = {{Dominik}, Michal and {Belczynski}, Krzysztof and {Fryer}, Christopher and
         {Holz}, Daniel E. and {Berti}, Emanuele and {Bulik}, Tomasz and {Mand
        el}, Ilya and {O'Shaughnessy}, Richard},
        title = "{Double Compact Objects. I. The Significance of the Common Envelope on Merger Rates}",
      journal = {\apj},
     keywords = {binaries: general, black hole physics, stars: evolution, stars: neutron, Astrophysics - High Energy Astrophysical Phenomena, General Relativity and Quantum Cosmology},
         year = "2012",
        month = "Nov",
       volume = {759},
       number = {1},
          eid = {52},
        pages = {52},
          doi = {10.1088/0004-637X/759/1/52},
archivePrefix = {arXiv},
       eprint = {1202.4901},
 primaryClass = {astro-ph.HE},
       adsurl = {https://ui.adsabs.harvard.edu/abs/2012ApJ...759...52D},
      adsnote = {Provided by the SAO/NASA Astrophysics Data System}
}



@ARTICLE{2012ApJ...749...91F,
       author = {{Fryer}, Chris L. and {Belczynski}, Krzysztof and
         {Wiktorowicz}, Grzegorz and {Dominik}, Michal and {Kalogera}, Vicky and
         {Holz}, Daniel E.},
        title = "{Compact Remnant Mass Function: Dependence on the Explosion Mechanism and Metallicity}",
      journal = {\apj},
     keywords = {black hole physics, stars: neutron, supernovae: general, Astrophysics - Solar and Stellar Astrophysics, Astrophysics - High Energy Astrophysical Phenomena},
         year = "2012",
        month = "Apr",
       volume = {749},
       number = {1},
          eid = {91},
        pages = {91},
          doi = {10.1088/0004-637X/749/1/91},
archivePrefix = {arXiv},
       eprint = {1110.1726},
 primaryClass = {astro-ph.SR},
       adsurl = {https://ui.adsabs.harvard.edu/abs/2012ApJ...749...91F},
      adsnote = {Provided by the SAO/NASA Astrophysics Data System}
}


@ARTICLE{1996ApJ...457..834T,
       author = {{Timmes}, F.~X. and {Woosley}, S.~E. and {Weaver}, Thomas A.},
        title = "{The Neutron Star and Black Hole Initial Mass Function}",
      journal = {\apj},
     keywords = {BLACK HOLE PHYSICS, STARS: EVOLUTION, STARS: LUMINOSITY FUNCTION, MASS FUNCTION, STARS: NEUTRON, STARS: STATISTICS, Astrophysics},
         year = "1996",
        month = "Feb",
       volume = {457},
        pages = {834},
          doi = {10.1086/176778},
archivePrefix = {arXiv},
       eprint = {astro-ph/9510136},
 primaryClass = {astro-ph},
       adsurl = {https://ui.adsabs.harvard.edu/abs/1996ApJ...457..834T},
      adsnote = {Provided by the SAO/NASA Astrophysics Data System}
}


@ARTICLE{2005MNRAS.360..974H,
       author = {{Hobbs}, G. and {Lorimer}, D.~R. and {Lyne}, A.~G. and {Kramer}, M.},
        title = "{A statistical study of 233 pulsar proper motions}",
      journal = {\mnras},
     keywords = {stars: kinematics, pulsars: general, Astrophysics},
         year = "2005",
        month = "Jul",
       volume = {360},
       number = {3},
        pages = {974-992},
          doi = {10.1111/j.1365-2966.2005.09087.x},
archivePrefix = {arXiv},
       eprint = {astro-ph/0504584},
 primaryClass = {astro-ph},
       adsurl = {https://ui.adsabs.harvard.edu/abs/2005MNRAS.360..974H},
      adsnote = {Provided by the SAO/NASA Astrophysics Data System}
}



@ARTICLE{2002ApJ...571L..37P,
       author = {{Pfahl}, Eric and {Rappaport}, Saul and {Podsiadlowski}, Philipp},
        title = "{On the Population of Wind-accreting Neutron Stars in the Galaxy}",
      journal = {\apjl},
     keywords = {Stars: Neutron, X-Rays: Stars, Astrophysics},
         year = "2002",
        month = "May",
       volume = {571},
       number = {1},
        pages = {L37-L40},
          doi = {10.1086/341197},
archivePrefix = {arXiv},
       eprint = {astro-ph/0203266},
 primaryClass = {astro-ph},
       adsurl = {https://ui.adsabs.harvard.edu/abs/2002ApJ...571L..37P},
      adsnote = {Provided by the SAO/NASA Astrophysics Data System}
}


@ARTICLE{2004ApJ...612.1044P,
       author = {{Podsiadlowski}, Ph. and {Langer}, N. and {Poelarends}, A.~J.~T. and
         {Rappaport}, S. and {Heger}, A. and {Pfahl}, E.},
        title = "{The Effects of Binary Evolution on the Dynamics of Core Collapse and Neutron Star Kicks}",
      journal = {\apj},
     keywords = {Stars: Binaries: Close, Galaxy: Globular Clusters: General, Stars: Evolution, Stars: Neutron, Stars: Supernovae: General, X-Rays: Stars, Astrophysics},
         year = "2004",
        month = "Sep",
       volume = {612},
       number = {2},
        pages = {1044-1051},
          doi = {10.1086/421713},
archivePrefix = {arXiv},
       eprint = {astro-ph/0309588},
 primaryClass = {astro-ph},
       adsurl = {https://ui.adsabs.harvard.edu/abs/2004ApJ...612.1044P},
      adsnote = {Provided by the SAO/NASA Astrophysics Data System}
}



@ARTICLE{2019ApJ...882..121S,
       author = {{Stevenson}, Simon and {Sampson}, Matthew and {Powell}, Jade and {Vigna-G{\'o}mez}, Alejandro and {Neijssel}, Coenraad J. and {Sz{\'e}csi}, Dorottya and {Mandel}, Ilya},
        title = "{The Impact of Pair-instability Mass Loss on the Binary Black Hole Mass Distribution}",
      journal = {\apj},
     keywords = {Gravitational waves, Gravitational wave astronomy, Black holes, Supernovae, 678, 675, 162, 1668, Astrophysics - High Energy Astrophysical Phenomena, General Relativity and Quantum Cosmology},
         year = 2019,
        month = sep,
       volume = {882},
       number = {2},
          eid = {121},
        pages = {121},
          doi = {10.3847/1538-4357/ab3981},
archivePrefix = {arXiv},
       eprint = {1904.02821},
 primaryClass = {astro-ph.HE},
       adsurl = {https://ui.adsabs.harvard.edu/abs/2019ApJ...882..121S},
      adsnote = {Provided by the SAO/NASA Astrophysics Data System}
}

@INPROCEEDINGS{2017IAUS..329..110S,
       author = {{Sana}, Hugues},
        title = "{The multiplicity of massive stars: a 2016 view}",
     keywords = {stars: early-type, binaries (including multiple): close, binaries: spectroscopic, stars: individual (VFTS352, RMC145), binaries: general, Astrophysics - Solar and Stellar Astrophysics},
    booktitle = {The Lives and Death-Throes of Massive Stars},
         year = "2017",
       editor = {{Eldridge}, J.~J. and {Bray}, J.~C. and {McClelland}, L.~A.~S. and
         {Xiao}, L.},
       series = {IAU Symposium},
       volume = {329},
        month = "Nov",
        pages = {110-117},
          doi = {10.1017/S1743921317003209},
archivePrefix = {arXiv},
       eprint = {1703.01608},
 primaryClass = {astro-ph.SR},
       adsurl = {https://ui.adsabs.harvard.edu/abs/2017IAUS..329..110S},
      adsnote = {Provided by the SAO/NASA Astrophysics Data System}
}



@ARTICLE{stevenson2017formation,
       author = {{Stevenson}, Simon and {Vigna-G{\'o}mez}, Alejandro and {Mandel}, Ilya and
         {Barrett}, Jim W. and {Neijssel}, Coenraad J. and {Perkins}, David and
         {de Mink}, Selma E.},
        title = "{Formation of the first three gravitational-wave observations through isolated binary evolution}",
      journal = {Nature Communications},
     keywords = {Astrophysics - High Energy Astrophysical Phenomena, General Relativity and Quantum Cosmology},
         year = "2017",
        month = "Apr",
       volume = {8},
          eid = {14906},
        pages = {14906},
          doi = {10.1038/ncomms14906},
archivePrefix = {arXiv},
       eprint = {1704.01352},
 primaryClass = {astro-ph.HE},
       adsurl = {https://ui.adsabs.harvard.edu/abs/2017NatCo...814906S},
      adsnote = {Provided by the SAO/NASA Astrophysics Data System}
}


@ARTICLE{2018MNRAS.477.4685B,
   author = {{Barrett}, J.~W. and {Gaebel}, S.~M. and {Neijssel}, C.~J. and 
	{Vigna-G{\'o}mez}, A. and {Stevenson}, S. and {Berry}, C.~P.~L. and 
	{Farr}, W.~M. and {Mandel}, I.},
    title = "{Accuracy of inference on the physics of binary evolution from gravitational-wave observations}",
  journal = {\mnras},
archivePrefix = "arXiv",
   eprint = {1711.06287},
 primaryClass = "astro-ph.HE",
 keywords = {black hole physics, gravitational waves, stars: black holes, stars: evolution},
     year = 2018,
    month = jul,
   volume = 477,
    pages = {4685-4695},
      doi = {10.1093/mnras/sty908},
   adsurl = {http://adsabs.harvard.edu/abs/2018MNRAS.477.4685B},
  adsnote = {Provided by the SAO/NASA Astrophysics Data System}
}


@ARTICLE{2019MNRAS.490.3740N,
       author = {{Neijssel}, Coenraad J. and {Vigna-G{\'o}mez}, Alejandro and
         {Stevenson}, Simon and {Barrett}, Jim W. and {Gaebel}, Sebastian M. and
         {Broekgaarden}, Floor S. and {de Mink}, Selma E. and
         {Sz{\'e}csi}, Dorottya and {Vinciguerra}, Serena and {Mandel}, Ilya},
        title = "{The effect of the metallicity-specific star formation history on double compact object mergers}",
      journal = {\mnras},
     keywords = {gravitational waves, (stars:) binaries: general, stars: massive, galaxies: star formation, Astrophysics - Solar and Stellar Astrophysics, Astrophysics - Astrophysics of Galaxies},
         year = "2019",
        month = "Dec",
       volume = {490},
       number = {3},
        pages = {3740-3759},
          doi = {10.1093/mnras/stz2840},
archivePrefix = {arXiv},
       eprint = {1906.08136},
 primaryClass = {astro-ph.SR},
       adsurl = {https://ui.adsabs.harvard.edu/abs/2019MNRAS.490.3740N},
      adsnote = {Provided by the SAO/NASA Astrophysics Data System}
}


@ARTICLE{2019ApJ...882...36M,
       author = {{Marchant}, Pablo and {Renzo}, Mathieu and {Farmer}, Robert and
         {Pappas}, Kaliroe M.~W. and {Taam}, Ronald E. and {de Mink}, Selma E. and
         {Kalogera}, Vassiliki},
        title = "{Pulsational Pair-instability Supernovae in Very Close Binaries}",
      journal = {\apj},
     keywords = {binaries: close, stars: black holes, stars: massive, supernovae: general, Astrophysics - High Energy Astrophysical Phenomena, Astrophysics - Solar and Stellar Astrophysics},
         year = "2019",
        month = "Sep",
       volume = {882},
       number = {1},
          eid = {36},
        pages = {36},
          doi = {10.3847/1538-4357/ab3426},
archivePrefix = {arXiv},
       eprint = {1810.13412},
 primaryClass = {astro-ph.HE},
       adsurl = {https://ui.adsabs.harvard.edu/abs/2019ApJ...882...36M},
      adsnote = {Provided by the SAO/NASA Astrophysics Data System}
}
